%! Author = aandm
%! Date = 26.05.2023

